% Encoding: UTF-8

@online{Lighthill,
  title = {The Lighthill-Whitham-Richards (LWR) Model},
  note = {\url{https://www.motc.gov.tw/uploaddowndoc?file=bussiness/201810051359110.pdf&filedisplay=%E9%99%84%E4%BB%B62-%E4%BA%A4%E9%80%9A%E9%83%A8%E5%8D%B3%E6%99%82%E8%B7%AF%E6%B3%81%E8%B3%87%E6%96%99%E6%A8%99%E6%BA%96v2-XML%E6%A8%99%E6%BA%96%E6%A0%BC%E5%BC%8F%E6%96%87%E4%BB%B6-20180802.pdf&flag=doc}}
}

@online{traffic2016research,
  title = {巨觀交通流模式之研究},
  note = {\url{https://www.ceci.org.tw/Upload/Download/8B04AEBF-C160-477C-B6E3-63FA9A3BA096.pdf}}
}

@online{model,
  title = {車流理論－車流行為模化中},
  note = {\url{https://www.ceci.org.tw/Upload/Download/8B04AEBF-C160-477C-B6E3-63FA9A3BA096.pdf}}
}